@inproceedings{knappmeyer2010contextml,
  title={ContextML: a light-weight context representation and context management schema},
  author={Knappmeyer, Michael and Kiani, Saad Liaquat and Fr{\`a}, Cristina and Moltchanov, Boris and Baker, Nigel},
  booktitle={Wireless Pervasive Computing (ISWPC), 2010 5th IEEE International Symposium on},
  pages={367--372},
  year={2010},
  organization={IEEE}
}

@phdthesis{dey2000providing,
	title={Providing architectural support for building context-aware applications},
	author={Dey, Anind K},
	year={2000},
	school={Georgia Institute of Technology}
}

@misc{crippa2010,
	title={Design and implementation of a broker for a service-oriented context management and distribution architecture},
	author={Crippa, Marcos R},
	year={2010},
	school={Universidade Federal do Rio Grande do Sul}
}

@article{arsanjani2004service,
	title={Service-oriented modeling and architecture},
	author={Arsanjani, Ali},
	journal={IBM developer works},
	pages={1--15},
	year={2004}
}

@inproceedings{kian2010federated,
	title={A federated broker architecture for large scale context dissemination},
	author={Kian, Saad Liaquat and Knappmeyery, Michael and Baker, Nigel and Moltchanov, Boris},
	booktitle={Computer and Information Technology (CIT), 2010 IEEE 10th International Conference on},
	pages={2964--2969},
	year={2010},
	organization={IEEE}
}

@article{baldauf2007survey,
	title={A survey on context-aware systems},
	author={Baldauf, Matthias and Dustdar, Schahram and Rosenberg, Florian},
	journal={International Journal of Ad Hoc and Ubiquitous Computing},
	volume={2},
	number={4},
	pages={263--277},
	year={2007},
	publisher={Inderscience Publishers}
}

@article{avivzienis2004basic,
	title={Basic concepts and taxonomy of dependable and secure computing},
	author={Avi{\v{z}}ienis, Algirdas and Laprie, Jean-Claude and Randell, Brian and Landwehr, Carl},
	journal={Dependable and Secure Computing, IEEE Transactions on},
	volume={1},
	number={1},
	pages={11--33},
	year={2004},
	publisher={IEEE}
}

@inproceedings{barreradesign,
	title={The Design and Architecture of the Microsoft Cluster Service},
	author={Barrera, Joe and Birman, Ken and Dumitriu, Dan and Gamache, Rod and Massa, Mike and Short, Rob and Vert, John and Vogels, Werner},
	journal={Fault-Tolerant Computing, 1998. Digest of Papers. Twenty-Eighth Annual International Symposium on},
	pages={422--431},
	year={1998},
	organization={IEEE}
}

@inproceedings{skeen1981nonblocking,
	title={Nonblocking commit protocols},
	author={Skeen, Dale},
	booktitle={Proceedings of the 1981 ACM SIGMOD international conference on Management of data},
	pages={133--142},
	year={1981},
	organization={ACM}
}

@article{schilit1994disseminating,
	title={Disseminating active map information to mobile hosts},
	author={Schilit, Bill N and Theimer, Marvin M},
	journal={Network, IEEE},
	volume={8},
	number={5},
	pages={22--32},
	year={1994},
	publisher={IEEE}
}

@article{brown1997context,
	title={Context-aware applications: from the laboratory to the marketplace},
	author={Brown, Peter J and Bovey, John D and Chen, Xian},
	journal={Personal Communications, IEEE},
	volume={4},
	number={5},
	pages={58--64},
	year={1997},
	publisher={IEEE}
}

@article{brown1995stick,
	title={The stick-e document: a framework for creating context-aware applications},
	author={Brown, Peter J},
	journal={ELECTRONIC PUBLISHING-CHICHESTER-},
	volume={8},
	pages={259--272},
	year={1995},
	publisher={Citeseer}
}

@inproceedings{franklin1998all,
	title={All gadget and no representation makes jack a dull environment},
	author={Franklin, David and Flaschbart, Joshua},
	booktitle={Proceedings of the AAAI 1998 Spring Symposium on Intelligent Environments},
	pages={155--160},
	year={1998}
}

@inproceedings{cooperstock1995evolution,
	title={Evolution of a reactive environment},
	author={Cooperstock, Jeremy R and Tanikoshi, Koichiro and Beirne, Garry and Narine, Tracy and Buxton, William AS},
	booktitle={Proceedings of the SIGCHI conference on Human factors in computing systems},
	pages={170--177},
	year={1995},
	organization={ACM Press/Addison-Wesley Publishing Co.}
}

@article{elrod1993responsive,
	title={Responsive office environments},
	author={Elrod, Scott and Hall, Gene and Costanza, Rick and Dixon, Michael and Des Rivieres, Jim},
	journal={Communications of the ACM},
	volume={36},
	number={7},
	pages={84--85},
	year={1993},
	publisher={ACM}
}

@inproceedings{hull1997towards,
	title={Towards situated computing},
	author={Hull, Richard and Neaves, Philip and Bedford-Roberts, James},
	booktitle={Wearable Computers, 1997. Digest of Papers., First International Symposium on},
	pages={146--153},
	year={1997},
	organization={IEEE}
}

@inproceedings{rekimoto1998augment,
	title={Augment-able reality: Situated communication through physical and digital spaces},
	author={Rekimoto, Jun and Ayatsuka, Yuji and Hayashi, Kazuteru},
	booktitle={Wearable Computers, 1998. Digest of Papers. Second International Symposium on},
	pages={68--75},
	year={1998},
	organization={IEEE}
}

@inproceedings{fickas1997software,
	title={Software organization for dynamic and adaptable wearable systems},
	author={Fickas, Stephen and Kortuem, Gerd and Segall, Zary},
	booktitle={Wearable Computers, 1997. Digest of Papers., First International Symposium on},
	pages={56--63},
	year={1997},
	organization={IEEE}
}

@article{fielding2002principled,
	title={Principled design of the modern Web architecture},
	author={Fielding, Roy T and Taylor, Richard N},
	journal={ACM Transactions on Internet Technology (TOIT)},
	volume={2},
	number={2},
	pages={115--150},
	year={2002},
	publisher={ACM}
}

@misc{python,
	author = "Python",
	title = "Python Programming Language",
	note = "Available at: $<$http://www.python.org$>$. Visited on July~2015",
	year = 2015,
}

@misc{flask,
	author = "Flask",
	title = "Flask (A Python Microframework)",
	note = "Available at: $<$http://flask.pocoo.org$>$. Visited on July~2015",
	year = 2015,
} 

@misc{protobuf,
	author = "Google",
	title = "Protocol Buffers",
	note = "Available at: $<$https://developers.google.com/protocol-buffers$>$. Visited on July~2015",
	year = 2015,
} 

@misc{pycharm,
	author = "JetBrains",
	title = "PyCharm - A Python IDE",
	note = "Available at: $<$https://www.jetbrains.com/pycharm$>$. Visited on July~2015",
	year = 2015,
} 

@misc{github,
	author = "GitHub",
	title = "GitHub",
	note = "Available at: $<$https://github.com$>$. Visited on July~2015",
	year = 2015,
} 

@misc{mongodb,
	author = "MongoDB",
	title = "MongoDB",
	note = "Available at: $<$https://www.mongodb.org$>$. Visited on July~2015",
	year = 2015,
} 

@misc{ccast,
	author = "ICTGroup",
	title = "Project Context Casting",
	note = "Available at: $<$http://www.ict-ccast.eu/$>$. Visited on July~2015",
	year = 2015,
}

@misc{bootstrap,
	author = "Twitter",
	title = "Bootstrap",
	note = "Available at: $<$http://getbootstrap.com/$>$. Visited on July~2015",
	year = 2015,
} 

@misc{uml,
	author = "OMG",
	title = "UML",
	note = "Available at: $<$http://www.uml.org$>$. Visited on July~2015",
	year = 2015,
} 

@book{weygant2001clusters,
	title={Clusters for High Availability: A Primer of HP Solutions},
	author={Weygant, Peter S},
	year={2001},
	publisher={Prentice Hall Professional}
}

@inproceedings{engelmann2005concepts,
	title={Concepts for high availability in scientific high-end computing},
	author={Engelmann, Christian and Scott, Stephen L},
	booktitle={Proceedings of High Availability and Performance Workshop (HAPCW)},
	year={2005}
}

@book{piedad2008high,
	title={High Availability: Design, Techniques and Processes (Harris Kern's Enterprise Computing Institute Series)},
	author={Piedad, Floyd and Hawkins, Michael W},
	year={2008},
	publisher={Prentice Hall PTR}
}
@misc{oraclereplication,
	author = "Oracle",
	title = "Using Replication and Redundancy for High Availability",
	note = "Available at: $<$http://docs.oracle.com/cd/E19693-01/819-0992/gaxtb/index.html$>$. Visited on July~2015",
	year = 2015,
} 
@misc{oracleclustering,
	author = "Oracle",
	title = "Using Clustering for High Availability",
	note = "Available at: $<$http://docs.oracle.com/cd/E19693-01/819-0992/fpcvr/index.html$>$. Visited on July~2015",
	year = 2015,
} 

@article{cristian1991reaching,
	title={Reaching agreement on processor-group membrship in synchronous distributed systems},
	author={Cristian, Flaviu},
	journal={Distributed Computing},
	volume={4},
	number={4},
	pages={175--187},
	year={1991},
	publisher={Springer}
}
@article{guerraoui2002non,
	title={Non-blocking atomic commit in asynchronous distributed systems with failure detectors},
	author={Guerraoui, Rachid},
	journal={Distributed Computing},
	volume={15},
	number={1},
	pages={17--25},
	year={2002},
	publisher={Springer}
}

@inproceedings{azagury1994highly,
	title={Highly available cluster: A case study},
	author={Azagury, Alain and Dolev, Danny and Goft, Gera and Marberg, John and Satran, Julian},
	booktitle={Fault-Tolerant Computing, 1994. FTCS-24. Digest of Papers., Twenty-Fourth International Symposium on},
	pages={404--413},
	year={1994},
	organization={IEEE}
}

@misc{jakl2005representational,
	title={Representational State Transfer},
	author={Jakl, Michael},
	year={2005},
	publisher={Citeseer}
}

@article{vogels2009eventually,
	title={Eventually consistent},
	author={Vogels, Werner},
	journal={Communications of the ACM},
	volume={52},
	number={1},
	pages={40--44},
	year={2009},
	publisher={ACM}
}

@book{bittner2002use,
	title={Use case modeling},
	author={Bittner, Kurt},
	year={2002},
	publisher={Addison-Wesley Longman Publishing Co., Inc.}
}

@article{maffeis1997constructing,
	title={Constructing reliable distributed communication systems with CORBA},
	author={Maffeis, Silvano and Schmidt, Douglas C},
	journal={Communications Magazine, IEEE},
	volume={35},
	number={2},
	pages={56--60},
	year={1997},
	publisher={IEEE}
}

@inproceedings{natarajan2000doors,
	title={DOORS: Towards high-performance fault tolerant CORBA},
	author={Natarajan, Balachandran and Gokhale, Aniruddha and Yajnik, Shalini and Schmidt, Douglas C},
	booktitle={Distributed Objects and Applications, 2000. Proceedings. DOA'00. International Symposium on},
	pages={39--48},
	year={2000},
	organization={IEEE}
}
@misc{wicon,
	author = "TUKL",
	title = "Institue for Wireless Communication and Navigation",
	note = "Available at: $<$http://www.eit.uni-kl.de/wicon/home/$>$. Visited on July~2015",
	year = 2015,
} 

@inproceedings{moltchanov2011context,
	title={Context Management Framework and Context Representation for MNO},
	author={Moltchanov, Boris and Fra, Cristina and Valla, Massimo and Licciardi, Carlo Alberto and others},
	booktitle={Workshops at the Twenty-Fifth AAAI Conference on Artificial Intelligence},
	year={2011}
}